@article{t2007enumeration,
  title={Enumeration of Pareto optima for a flowshop scheduling problem with two criteria},
  author={T'kindt, Vincent and Croce, Federico Della and Bouquard, Jean-Louis},
  journal={INFORMS Journal on Computing},
  volume={19},
  number={1},
  pages={64--72},
  year={2007},
  publisher={INFORMS}
}
